@Book{BECK,
    title = {Programação extrema explicada: acolha as mudanças},
    author = {Kent Beck},
    publisher = {Bookman},
    year = {2004},
    address = {Porto Alegre}
}

@Book{DUVALL,
    title = {Continuous Integration: Improving Software Quality and Reducing Risk},
    author = {Paul M. Duvall and Steve Matyas and Andrew Glover},
    publisher = {Addison-Wesley},
    year = {2007},
    address = {Boston},
}

@Book{SHORE,
    title = {A Arte do Desenvolvimento Ágil},
    author = {James Shore and Shane Warden},
    publisher = {Alta Books},
    year = {2008},
    address = {Rio de Janeiro}
}

@Book{KOSKELA,
    title = {Test Driven: TDD and Acceptance TDD for Java Developers},
    author = {Lasse Koskela},
    publisher = {Manning Publications},
    address = {New Jesey},
    year = {2007},
}

@Book{ASTELS,
    title = {Test-Driven Development: A Practical Guide},
    author = {David Astels},
    publisher = {Prentice Hall},
    year = {2003},
    address = {New Jersey},
}

@Book{PRESSMAN,
    title = {Engenharia de Software},
    author = {Roger S. Pressman},
    publisher = {MAKRON Books},
    year = {1995},
    address = {São Paulo},
}

@Book{MYERS,
    title = {The Art of Software Testing},
    author = {J Glenford Myers},
    publisher = {John Wiley \& Sons, Inc},
    year = {2004},
    address = {New Jersey},
}

@Booklet{OLIVEIRA,
    title = {Análise de ferramentas de cobertura de testes baseadas em código},
    author = {Gustavo Henrique Ribeiro Oliveira},
    address = {Recife},
    year = {2004},
}

@Book{DELAMARO,
    title = {Introdução ao Teste de Software},
    author = {José Carlos Maldonado and Márcio Eduardo Delamaro and Mario Jino},
    publisher = {Campus},
    address = {São Paulo},
    year = {2007},
}
 
@Misc{WIKIPEDIA,
    organization = {Wikipedia},
    title = {Tecnologia da Informação},
    year = {2013},
    howpublished = {Disponível em http://pt.wikipedia.org/wiki/Tecnologia\_da\_informa\c{c}ão, acesso em 28/09/2013}
}

@Misc{WIKIPEDIA2,
    organization = {Wikipedia},
    title = {Raspberry Pi},
    year = {2013},
    howpublished = {Disponível em http://en.wikipedia.org/wiki/Raspberry\_Pi, acesso em 28/09/2013}
}

@Misc{WIKIPEDIA3,
    organization = {Wikipedia},
    title = {Downsizing},
    year = {2013},
    howpublished = {Disponível em http://pt.wikipedia.org/wiki/Downsizing, acesso em 28/09/2013}
}

@Misc{THINCLIENT,
    organization = {Thin Client},
    title = {O que é thin client?},
    year = {2013},
    howpublished = {Disponível em http://www.thinclientbrasil.com/thin-client/o-que-e-thin-client.php, acesso em 28/09/2013}
}

@Misc{PEDRO,
    author = {Pedro Pinto},
    title = "Transoforme o seu Raspberry Pi num servidor de VPNs",
    year = "2013",
    howpublished = {Disponível em http://pplware.sapo.pt/linux/raspberry-pi/transforme-o-seu-raspberry-pi-num-servidor-de-vpns/, acesso em 28/09/2013}
}

@Misc{ZACH,
    author = {Zach},
    title = "How to Make a Raspberry Pi Web Server",
    year = "2013",
    howpublished = {Disponível em http://www.wikihow.com/Make-a-Raspberry-Pi-Web-Server, acesso em 28/09/2013}
}

@Misc{HAMANN,
    author = {Renan Hamann},
    title = "O preço da informática: o computador já custou mais que um carro",
    year = "2011",
    howpublished = {Disponível em http://www.tecmundo.com.br/infografico/9210-o-preco-da-informatica-o-computador-ja-custou-mais-que-um-carro.htm, acesso em 28/09/2013}
}

@Misc{PORTALBRASIL,
    organization = {Portal Brasil},
    title = {Mapa das micro e pequenas empresas},
    year = {2013},
    howpublished = {Disponível em http://www.brasil.gov.br/economia-e-emprego/2012/02/o-mapa-das-micro-e-pequenas-empresas, acesso em 28/09/2013}
}

@article{LAURINDO,
    author = "Fernando José Barbin Laurindo",
    title = "O papel da tecnologia da informação (TI) na estratégia das organizações",
    year = "2001",
}

@article{CRISTINA,
    author = "Cristina Dai Prá Martens",
    title = "A tecnologia de informação (TI) em pequenas empresas industriais do vale do Taquari/RS",
    year = "2001",
}

@article{VALDIR,
    author = "Valdir Marcelo Dos Santos",
    title = "Sistemas de Informação como fator de sobrevivência da micro e pequena empresa",
    year = "2007",
}